@misc{hinton2022forwardforwardalgorithmpreliminaryinvestigations,
      title={The Forward-Forward Algorithm: Some Preliminary Investigations}, 
      author={Geoffrey Hinton},
      year={2022},
      eprint={2212.13345},
      archivePrefix={arXiv},
      primaryClass={cs.LG},
      url={https://arxiv.org/abs/2212.13345}, 
}
